<?xml version="1.0" encoding="UTF-8" ?><marc:collection xmlns:marc="http://www.loc.gov/MARC21/slim" xmlns:xsi="http://www.w3.org/2001/XMLSchema-instance" xsi:schemaLocation="http://www.loc.gov/MARC21/slim http://www.loc.gov/standards/marcxml/schema/MARC21slim.xsd">
<marc:record><marc:leader>02130cam a2200361Ii 4500</marc:leader>
<marc:controlfield tag="001">b12182072</marc:controlfield>
<marc:controlfield tag="003">UaCaAUL</marc:controlfield><marc:controlfield tag="005">20190304112547.0</marc:controlfield><marc:controlfield tag="008">990113s1881    ua            000 0 ara d</marc:controlfield><marc:datafield tag="035" ind1=" " ind2=" "><marc:subfield code="a">(OCoLC)61210491</marc:subfield></marc:datafield><marc:datafield tag="040" ind1=" " ind2=" "><marc:subfield code="a">MEAUC</marc:subfield><marc:subfield code="b">eng</marc:subfield><marc:subfield code="e">rda</marc:subfield><marc:subfield code="c">MEAUC</marc:subfield><marc:subfield code="d">OCLCQ</marc:subfield><marc:subfield code="d">OCLCO</marc:subfield><marc:subfield code="d">OCLCF</marc:subfield><marc:subfield code="d">MEAUC</marc:subfield></marc:datafield><marc:datafield tag="066" ind1=" " ind2=" "><marc:subfield code="c">(3</marc:subfield></marc:datafield><marc:datafield tag="090" ind1=" " ind2=" "><marc:subfield code="a">PJ6161</marc:subfield><marc:subfield code="b">.H2 1881</marc:subfield></marc:datafield><marc:datafield tag="100" ind1="1" ind2=" "><marc:subfield code="6">880-01</marc:subfield><marc:subfield code="a">Ḥalabī, Maḥmūd ibn Sulaymān,</marc:subfield><marc:subfield code="d">1246 or 1247-1324 or 1325,</marc:subfield><marc:subfield code="e">author.</marc:subfield></marc:datafield><marc:datafield tag="240" ind1="1" ind2="0"><marc:subfield code="6">880-02</marc:subfield><marc:subfield code="a">Ḥusn al-tawassul ilá ṣināʻat al-tarassul.</marc:subfield></marc:datafield><marc:datafield tag="245" ind1="1" ind2="0"><marc:subfield code="6">880-03</marc:subfield><marc:subfield code="a">Kitāb Ḥusn al-tawassul ilá ṣināʻat al-tarassul /</marc:subfield><marc:subfield code="c">taʼlīf al-Imām al-fāḍil jāmiʻ ashatāt al-faḍāʼil Shihāb al-Dīn Abī al-Thanāʼ Maḥmūd ibn Sulaymān al-Ḥalabī al-Ḥanafī ṣāḥib dīwān al-Inshāʼ bi-Dimashq.</marc:subfield></marc:datafield><marc:datafield tag="264" ind1=" " ind2="1"><marc:subfield code="6">880-04</marc:subfield><marc:subfield code="a">Miṣr :</marc:subfield><marc:subfield code="b">al-Maṭbaʻah al-Wahbīyah,</marc:subfield><marc:subfield code="c">1298 H, 1881 M.</marc:subfield></marc:datafield><marc:datafield tag="300" ind1=" " ind2=" "><marc:subfield code="a">120 pages ;</marc:subfield><marc:subfield code="c">24 cm.</marc:subfield></marc:datafield><marc:datafield tag="336" ind1=" " ind2=" "><marc:subfield code="a">text</marc:subfield><marc:subfield code="b">txt</marc:subfield><marc:subfield code="2">rdacontent.</marc:subfield></marc:datafield><marc:datafield tag="337" ind1=" " ind2=" "><marc:subfield code="a">unmediated</marc:subfield><marc:subfield code="b">n</marc:subfield><marc:subfield code="2">rdamedia.</marc:subfield></marc:datafield><marc:datafield tag="338" ind1=" " ind2=" "><marc:subfield code="a">volume</marc:subfield><marc:subfield code="b">nc</marc:subfield><marc:subfield code="2">rdacarrier.</marc:subfield></marc:datafield><marc:datafield tag="500" ind1=" " ind2=" "><marc:subfield code="a">Colophon dated: 1881 M.</marc:subfield></marc:datafield><marc:datafield tag="500" ind1=" " ind2=" "><marc:subfield code="6">880-05</marc:subfield><marc:subfield code="a">&quot;ʻAlá dhimmat multazimih janāb al-khawājah Yūsuf Shīth wakīl al-jarāʼid al-ʻArabīyah bi-Miṣr.&quot;</marc:subfield></marc:datafield><marc:datafield tag="650" ind1=" " ind2="0"><marc:subfield code="a">Arabic language</marc:subfield><marc:subfield code="x">Rhetoric</marc:subfield><marc:subfield code="x">Early works to 1800.</marc:subfield></marc:datafield><marc:datafield tag="880" ind1="1" ind2="0"><marc:subfield code="6">240-02/(3/r</marc:subfield><marc:subfield code="a">حسن التوسل إلى صناعة الترسل.</marc:subfield></marc:datafield><marc:datafield tag="880" ind1="1" ind2=" "><marc:subfield code="6">100-01/(3/r</marc:subfield><marc:subfield code="a">حلبى، محمود بن سليمان.‪</marc:subfield><marc:subfield code="d">1246 أو 1247-1324 أو 1325,</marc:subfield></marc:datafield><marc:datafield tag="880" ind1="1" ind2="0"><marc:subfield code="6">245-03/(3/r</marc:subfield><marc:subfield code="a">كتاب حسن التوسل إلى صناعة الترسل /‪</marc:subfield><marc:subfield code="c">تأليف الإمام الفاضل جامع أشتات الفضائل شهاب الدين أبي الثناء محمود بن سليمان الحلبي الحنفي صاحب ديوان الإنشاء بدمشق..</marc:subfield></marc:datafield><marc:datafield tag="880" ind1=" " ind2="1"><marc:subfield code="6">264-04/(3/r</marc:subfield><marc:subfield code="a">مصر :‪</marc:subfield><marc:subfield code="b">المطبعة الوهبية،‪</marc:subfield><marc:subfield code="c">1298 هـ.، 1881 م..</marc:subfield></marc:datafield><marc:datafield tag="880" ind1=" " ind2=" "><marc:subfield code="6">500-05/(3/r</marc:subfield><marc:subfield code="a">&quot;على ذمة ملتزمه جناب الخواجة يوسف شيث وكيل الجرائد العربية بمصر.&quot;.</marc:subfield></marc:datafield><marc:datafield tag="907" ind1=" " ind2=" "><marc:subfield code="a">.b12182072</marc:subfield><marc:subfield code="b">main </marc:subfield></marc:datafield><marc:datafield tag="902" ind1=" " ind2=" "><marc:subfield code="a">190314</marc:subfield></marc:datafield><marc:datafield tag="998" ind1=" " ind2=" "><marc:subfield code="b">1</marc:subfield><marc:subfield code="c">050618</marc:subfield><marc:subfield code="d">m</marc:subfield><marc:subfield code="e">~</marc:subfield><marc:subfield code="f">-</marc:subfield><marc:subfield code="g">0</marc:subfield><marc:subfield code="k">USA</marc:subfield></marc:datafield><marc:datafield tag="945" ind1=" " ind2=" "><marc:subfield code="l">main </marc:subfield></marc:datafield></marc:record>
</marc:collection>
